% This file was created with JabRef 2.9.2.
% Encoding: utf8

@BOOK{js,
  title = {JavaScript. Подробное руководство},
  publisher = {Символ},
  year = {2018},
  author = {Дэвид Флэнаган},
  pages = {1080},
  owner = {mstyura},
  language = {russian},
  timestamp = {2020.03.21}
}

@BOOK{js2,
  title = {JavaScript: сильные стороны},
  publisher = {Питер},
  year = {2012},
  author = {Д. Крокфорд},
  pages = {176},
  owner = {mstyura},  
  language = {russian},
  timestamp = {2020.03.21}
}

@MISC{js3,
  title = {Современный учебник JavaScript [Электронный ресурс]},
  howpublished = {Электронные данные},
  note = {Режим доступа: \url{http://learn.javascript.ru/}. --- Дата
	доступа: 08.05.2013},
  owner = {mstyura},
  timestamp = {2020.03.21}
}


% Front-End Web Development


@BOOK{web,
  title = {Front-End Web Development},
  publisher = {Big Nerd Ranch Guides},
  year = {2016},
  author = {Chris Aquino, Todd Gandee},
  pages = {478},
  owner = {mstyura},
    language = {russian},

  timestamp = {2020.03.21}
}

@BOOK{html,
  title = {Изучаем HTML5. Библиотека специалиста},
  publisher = {Питер},
  year = {2012},
  author = {Лоусон Брюс, Шарп Реми},
  pages = {304},
  owner = {mstyura},
    language = {russian},

  timestamp = {2020.03.21}
}

@MISC{html3,
  title = {W3Schools Online Web Tutorials [Электронный ресурс]},
  howpublished = {Электронные данные},
  note = {Режим доступа: \url{https://www.w3schools.com/}. --- Дата
	доступа: 08.05.2013},
  owner = {mstyura},
}

@MISC{html4,
  title = {Веб-документайия MDN [Электронный ресурс]},
  howpublished = {Электронные данные},
  note = {Режим доступа: \url{https://developer.mozilla.org/}. --- Дата
	доступа: 08.05.2013},
  owner = {mstyura},
}

@BOOK{react,
  title = {React Quickly},
  publisher = {MANNING},
  year = {2019},
  author = {Azat Mardan},
  pages = {336},
  owner = {mstyura},
    language = {russian},

  timestamp = {2020.03.21}
}

@MISC{react2,
  title = {Документация React [Электронный ресурс]},
  howpublished = {Электронные данные},
  note = {Режим доступа: \url{https://ru.reactjs.org/docs/getting-started.html}. --- Дата
	доступа: 08.05.2013},
  owner = {mstyura},
}

@MISC{react3,
  title = {React State and Lifecycle [Электронный ресурс]},
  howpublished = {Электронные данные},
  note = {Режим доступа: \url{https://reactjs.org/docs/state-and-lifecycle.html}. --- Дата
	доступа: 08.05.2013},
  owner = {mstyura},
}

@MISC{redux,
  title = {Redux API – Redux Docs [Электронный ресурс]},
  howpublished = {Электронные данные},
  note = {Режим доступа: \url{https://react-redux.js.org/api/connect}. --- Дата
	доступа: 08.05.2013},
  owner = {mstyura},
}

@MISC{web3,
  title = {Sheriff, Paul D. Designing for Web or Desktop? [Электронный ресурс]},
  howpublished = {Электронные данные},
  note = {Режим доступа: \url{https://nurelm.com/webbased-vs-desktop-software/}. --- Дата
	доступа: 08.05.2013},
  owner = {mstyura},
}

@MISC{web2,
  title = {Bychkov, Dmitriy. Desktop vs. WebApplications: A Deeper Lookand Comparison [Электронный ресурс]},
  howpublished = {Электронные данные},
  note = {Режим доступа: \url{http://www.seguetech.com/desktop-vs-web-applications/}. --- Дата
	доступа: 08.05.2013},
  owner = {mstyura},
}

@BOOK{python,
  title = {High Performance Python},
  publisher = {O'Reilly Media},
  year = {2014},
  author = {Micha Gorelick, Ian Ozsvald},
  pages = {370},
  owner = {mstyura},
  timestamp = {2020.03.21},
    language = {russian},

  language = {russian}
}

@BOOK{python2,
  title = {Python Cookbook},
  publisher = {O'Reilly Media},
  year = {2013},
  author = {David Beazley, Brian K. Jones},
  pages = {706},
  owner = {mstyura},
    language = {russian},

  timestamp = {2020.03.21}
}

%@BOOK{python3,
  title = {Think Python},
  publisher = {O'Reilly Media},
  year = {2015},
  author = {Allen B. Downey},
  pages = {292},
  owner = {mstyura},
    language = {russian},

  timestamp = {2020.03.21}
}

@BOOK{econ,
  title = {Экономическое обоснование проекта по разработке программного обеспечения},
  publisher = {кафедра экономики БГУИР},
  year = {2018},
  author = {Горовой В.Г., Грицай А.В., Пархименко В.А.},
  owner = {mstyura},
    language = {russian},
  pages={12},
  timestamp = {2020.03.21}
}

